<?xml version="1.0" encoding="utf-8"?>
<record xmlns="http://www.loc.gov/MARC21/slim" xmlns:xsi="http://www.w3.org/2001/XMLSchema-instance" xsi:schemaLocation="http://www.loc.gov/MARC21/slim http://www.loc.gov/standards/marcxml/schema/MARC21slim.xsd">
	<leader>     nam a22        4500</leader>
	<controlfield tag="001">4430527</controlfield>
	<controlfield tag="003">NIC</controlfield>
	<controlfield tag="006">m        d        </controlfield>
	<controlfield tag="007">cr cn |||m|||a</controlfield>
	<controlfield tag="008">150505s1961    iq      o     000 0carard</controlfield>
	<datafield ind1=" " ind2=" " tag="040">
		<subfield code="a">NNU</subfield>
		<subfield code="b">eng</subfield>
		<subfield code="e">rda</subfield>
		<subfield code="c">NNU</subfield>
	</datafield>
	<datafield ind1=" " ind2="4" tag="050">
		<subfield code="a">BP192.2</subfield>
		<subfield code="b">.T18 1961</subfield>
	</datafield>
	<datafield ind1="1" ind2=" " tag="100">
		<subfield code="6">880-01</subfield>
		<subfield code="a">Ṭāshkubrīʹzādah, Aḥmad ibn Muṣṭafá,</subfield>
		<subfield code="d">1495-1561.</subfield>
	</datafield>
	<datafield ind1="1" ind2="0" tag="245">
		<subfield code="6">880-02</subfield>
		<subfield code="a">Ṭabaqāt al-fuqahāʼ /</subfield>
		<subfield code="c">li-Ṭāsh Kubrī Zādah ; ʻan naskhah makhṭūṭah wujidat fī Maktabat al-Markazīyah fī al-Mūṣil ; nashara hādhā al-kitāb baʻda tanqīḥih wa-taʻlīq ḥawāshīh wa-taṣdīrih al-ḥājj Aḥmad Nīlah.</subfield>
	</datafield>
	<datafield ind1="1" ind2="4" tag="246">
		<subfield code="a">Tabqat al-fouqaha, Moulana Tash Kopri Zada</subfield>
	</datafield>
	<datafield ind1=" " ind2=" " tag="250">
		<subfield code="6">880-03</subfield>
		<subfield code="a">al-Ṭabʻah 2.</subfield>
	</datafield>
	<datafield ind1=" " ind2=" " tag="260">
		<subfield code="6">880-04</subfield>
		<subfield code="a">al-Mūṣil :</subfield>
		<subfield code="b">Maṭbaʻat al-Zahrāʼ al-Ḥadīthah,</subfield>
		<subfield code="c">1961.</subfield>
	</datafield>
	<datafield ind1=" " ind2=" " tag="300">
		<subfield code="a">online resource (136 pages)</subfield>
	</datafield>
	<datafield ind1=" " ind2=" " tag="336">
		<subfield code="a">text</subfield>
		<subfield code="2">rdacontent</subfield>
	</datafield>
	<datafield ind1=" " ind2=" " tag="337">
		<subfield code="a">computer</subfield>
		<subfield code="2">rdamedia</subfield>
	</datafield>
	<datafield ind1=" " ind2=" " tag="338">
		<subfield code="a">online resource</subfield>
		<subfield code="2">rdacarrier</subfield>
	</datafield>
	<datafield ind1=" " ind2=" " tag="500">
		<subfield code="a">Part of the Arabic Collections Online (ACO) project, contributed by Cornell University Libraries.</subfield>
	</datafield>
	<datafield ind1=" " ind2=" " tag="533">
		<subfield code="a">Electronic reproduction.</subfield>
		<subfield code="b">New York, N.Y. :</subfield>
		<subfield code="c">New York University,</subfield>
		<subfield code="d">2015.</subfield>
		<subfield code="5">NNU</subfield>
	</datafield>
	<datafield ind1=" " ind2="0" tag="650">
		<subfield code="a">Hanafites</subfield>
		<subfield code="v">Biography.</subfield>
	</datafield>
	<datafield ind1=" " ind2="7" tag="650">
		<subfield code="a">Hanafites.</subfield>
		<subfield code="2">fast</subfield>
		<subfield code="0">(OCoLC)fst00950818</subfield>
	</datafield>
	<datafield ind1=" " ind2="7" tag="655">
		<subfield code="a">Biography.</subfield>
		<subfield code="2">fast</subfield>
		<subfield code="0">(OCoLC)fst01423686</subfield>
	</datafield>
	<datafield ind1="1" ind2=" " tag="700">
		<subfield code="6">880-05</subfield>
		<subfield code="a">Nīlah, Aḥmad.</subfield>
	</datafield>
	<datafield ind1="2" ind2=" " tag="710">
		<subfield code="a">Cornell University.</subfield>
		<subfield code="b">Libraries.</subfield>
	</datafield>
	<datafield ind1="0" ind2=" " tag="730">
		<subfield code="a">Arabic Collections Online.</subfield>
	</datafield>
	<datafield ind1="0" ind2="8" tag="776">
		<subfield code="i">Online version:</subfield>
		<subfield code="a">Ṭāshkubrī-zādah, Aḥmad ibn Muṣṭafá, 1495-1561.</subfield>
		<subfield code="t">Ṭabaqāt al-fuqahāʼ / li-Ṭāshkubri-zādah ; nashr hadhā al-kitāb baʻda tanqīḥihi wa-taʻlīqi ḥawāshīhi wa-taṣdīrihi.</subfield>
		<subfield code="b">al-ṭabʻah 2.</subfield>
		<subfield code="d">al-Mauṣil : Maṭbaʻat al-Zahrāʼ, 1961</subfield>
		<subfield code="w">(OCoLC)608941965</subfield>
	</datafield>
	<datafield ind1="0" ind2="8" tag="776">
		<subfield code="i">Print version:</subfield>
		<subfield code="a">Ṭāshkubrīʹzādah, Aḥmad ibn Muṣṭafá, 1495-1561.</subfield>
		<subfield code="t">Ṭabaqāt al-fuqahāʼ</subfield>
		<subfield code="w">(NIC)4430527</subfield>
		<subfield code="w">(OCoLC)23491833</subfield>
	</datafield>
	<datafield ind1="4" ind2="0" tag="856">
		<subfield code="u">http://hdl.handle.net/2333.1/3xsj3x63</subfield>
	</datafield>
	<datafield ind1="1" ind2=" " tag="880">
		<subfield code="6">100-01</subfield>
		<subfield code="a">طاشكبريزادة، احمد بن مصطفى،,</subfield>
		<subfield code="d">1495-1561.</subfield>
	</datafield>
	<datafield ind1="1" ind2="0" tag="880">
		<subfield code="6">245-02</subfield>
		<subfield code="a">طبقات الفقهاء /</subfield>
		<subfield code="c">لطاش كبري زادة ؛ عن نسخة مخطوطة وجدة في مكتبة المركزية في الموصل ؛ نشر هذه الكتاب بعد تنقيحه وتعليق حواشيه وتصديره الحاج احمد نيلة.</subfield>
	</datafield>
	<datafield ind1=" " ind2=" " tag="880">
		<subfield code="6">250-03</subfield>
		<subfield code="a">الطبعة 2.</subfield>
	</datafield>
	<datafield ind1=" " ind2=" " tag="880">
		<subfield code="6">260-04</subfield>
		<subfield code="a">الموصل :</subfield>
		<subfield code="b">مطبعة الزهراء الحديثة،</subfield>
		<subfield code="c">1961.</subfield>
	</datafield>
	<datafield ind1="1" ind2=" " tag="880">
		<subfield code="6">700-05</subfield>
		<subfield code="a">نيلة، احمد.</subfield>
	</datafield>
	<datafield ind1=" " ind2=" " tag="959">
		<subfield code="a">NNU</subfield>
		<subfield code="b">WEB</subfield>
		<subfield code="c">GENI</subfield>
		<subfield code="t">0</subfield>
		<subfield code="m">Electronic access</subfield>
		<subfield code="s">01</subfield>
	</datafield>
	<datafield ind1=" " ind2=" " tag="999">
		<subfield code="i">NIC_4430527</subfield>
		<subfield code="o">(OCoLC)ocm23491833</subfield>
		<subfield code="s">cornell_aco000286</subfield>
		<subfield code="e">(ERROR-880)</subfield>
		<subfield code="s">cornell_aco000286</subfield>
	</datafield>
</record>
